<record><leader>00000cas a2200000 a 4500</leader><controlfield tag="001">12308035</controlfield><controlfield tag="008">850726d18951905ksuwr ne      0    0eng d</controlfield><datafield ind1=" " ind2=" " tag="010"><subfield code="a">sn 85030720 </subfield></datafield><datafield ind1=" " ind2=" " tag="040"><subfield code="a">KSH</subfield><subfield code="b">eng</subfield><subfield code="c">KSH</subfield><subfield code="d">NPT</subfield><subfield code="d">OCL</subfield><subfield code="d">OCLCQ</subfield></datafield><datafield ind1=" " ind2=" " tag="042"><subfield code="a">msc</subfield></datafield><datafield ind1="0" ind2="4" tag="245"><subfield code="a">The Saturday bee.</subfield></datafield><datafield ind1=" " ind2=" " tag="260"><subfield code="a">Hutchinson, Kan. :</subfield><subfield code="b">Bee Pub. Co.,</subfield><subfield code="c">1895-1905.</subfield></datafield><datafield ind1=" " ind2=" " tag="300"><subfield code="a">10 v. :</subfield><subfield code="b">ill. ;</subfield><subfield code="c">49-61 cm.</subfield></datafield><datafield ind1=" " ind2=" " tag="310"><subfield code="a">Weekly</subfield></datafield><datafield ind1="0" ind2=" " tag="362"><subfield code="a">Vol. 1, no. 1 (Dec. 21, 1895)-v. 10, no. 32 (July 8, 1905).</subfield></datafield><datafield ind1=" " ind2=" " tag="500"><subfield code="a">Publisher varies.</subfield></datafield><datafield ind1=" " ind2=" " tag="580"><subfield code="a">Issued also in a daily edition called: Hutchinson daily bee, Mar. 19-Nov. 14, 1902; Daily bee (Hutchinson, Kan.) Nov. 15, 1902-July 10, 1905.</subfield></datafield><datafield ind1=" " ind2=" " tag="752"><subfield code="a">United States</subfield><subfield code="b">Kansas</subfield><subfield code="c">Reno</subfield><subfield code="d">Hutchinson.</subfield></datafield><datafield ind1="1" ind2=" " tag="775"><subfield code="t">Hutchinson daily bee</subfield><subfield code="w">(DLC)sn 85030689</subfield></datafield><datafield ind1="1" ind2=" " tag="775"><subfield code="t">Daily bee (Hutchinson, Kan.)</subfield><subfield code="w">(DLC)sn 85030690</subfield></datafield><datafield ind1="0" ind2="4" tag="785"><subfield code="t">Independent (Hutchinson, Kan. : 1902)</subfield><subfield code="w">(DLC)sn 85030717</subfield></datafield></record>